@misc{pio-platforms,
  author       = {{PlatformIO Documentation}},
  howpublished = {\href{https://docs.platformio.org/en/latest/platforms/index.html}{Development Platforms}}
}

@misc{stm32duino-docs,
  author       = {{STM32duino repository}},
  howpublished = {\href{https://github.com/stm32duino/Arduino\_Core\_STM32\#Introduction}{Arduino core for STM32 MCUs}}
}

@misc{doxygen,
  author       = {{Doxygen manual}},
  howpublished = {\href{https://www.doxygen.nl/manual/docblocks.html}{Documenting the code}}
}

@misc{snyk-sw-license,
  author       = {Snyk},
  howpublished = {\href{https://snyk.io/learn/what-is-a-software-license/}{Open source licenses: What is a~software license?}}
}

@misc{cpp-fwinteger,
  author       = {cppreference.com},
  howpublished = {\href{https://en.cppreference.com/w/cpp/types/integer}{Fixed width integer types}}
}